%% This BibTeX bibliography file was created using BibDesk.
%% http://bibdesk.sourceforge.net/

%% Created for Michael Fairchild at 2017-07-14 11:11:43 -0400 


%% Saved with string encoding Unicode (UTF-8) 



@mastersthesis{teng-thesis,
	Author = {Teng, Ngai-Huat},
	Date-Added = {2017-07-14 15:03:57 +0000},
	Date-Modified = {2017-07-14 15:11:43 +0000},
	School = {Naval Postgraduate School},
	Title = {The development of a computer code ({U2DIIF}) for the numerical solution of unsteady, inviscid and incompressible flow over an airfoil},
	Year = {1987}}

@article{basu-hancock,
	Author = {Basu, B.C. and Hancock, G.J.},
	Date-Added = {2017-07-13 20:24:52 +0000},
	Date-Modified = {2017-07-13 20:25:24 +0000},
	Journal = {Journal of Fluid Mechanics},
	Number = {1},
	Pages = {159-178},
	Title = {The unsteady motion of a two-dimensional aerofoil in incompressible inviscid flow},
	Volume = {87},
	Year = {1978}}

@article{hess-smith,
	Author = {Hess, J.L. and Smith, A.M.O.},
	Date-Added = {2017-07-13 20:23:50 +0000},
	Date-Modified = {2017-07-13 20:24:28 +0000},
	Journal = {Progress in Aerospace Sciences},
	Pages = {1-138},
	Title = {Calculation of potential flow about arbitrary bodies},
	Volume = {8},
	Year = {1967}}

@book{currie,
	Author = {Currie, I.G.},
	Date-Added = {2017-07-13 20:22:14 +0000},
	Date-Modified = {2017-07-13 20:23:34 +0000},
	Publisher = {CRC Press},
	Title = {Fundamental Mechanics of Fluids},
	Year = {2012}}
